<record><leader>00000cas a2200000 i 4500</leader><controlfield tag="001">835137457</controlfield><controlfield tag="006">m     o  d        </controlfield><controlfield tag="007">cr |||||||||||</controlfield><controlfield tag="008">130403d18651888tnuwr ne      0   a0eng  </controlfield><datafield ind1=" " ind2=" " tag="010"><subfield code="a">  2013218692</subfield></datafield><datafield ind1=" " ind2=" " tag="040"><subfield code="a">DLC</subfield><subfield code="b">eng</subfield><subfield code="e">rda</subfield><subfield code="c">DLC</subfield><subfield code="d">OCLCQ</subfield><subfield code="d">OCLCF</subfield></datafield><datafield ind1="0" ind2=" " tag="022"><subfield code="a">2327-8803</subfield><subfield code="2">1</subfield></datafield><datafield ind1=" " ind2=" " tag="042"><subfield code="a">pcc</subfield><subfield code="a">nsdp</subfield></datafield><datafield ind1=" " ind2=" " tag="043"><subfield code="a">n-us-tn</subfield></datafield><datafield ind1="1" ind2="0" tag="050"><subfield code="a">ISSN RECORD</subfield></datafield><datafield ind1="0" ind2="0" tag="082"><subfield code="a">071</subfield><subfield code="2">23</subfield></datafield><datafield ind1="0" ind2=" " tag="130"><subfield code="a">Bolivar bulletin (Bolivar, Tenn. : 1865 : Online)</subfield></datafield><datafield ind1=" " ind2="4" tag="222"><subfield code="a">The Bolivar bulletin</subfield><subfield code="b">(Bolivar, Tenn. Online)</subfield></datafield><datafield ind1="1" ind2="4" tag="245"><subfield code="a">The Bolivar bulletin.</subfield></datafield><datafield ind1=" " ind2="1" tag="264"><subfield code="a">Bolivar, Hardeman County, Tenn. :</subfield><subfield code="b">J.B. Miller &amp; M.R. Parrish,</subfield><subfield code="c">-1888.</subfield></datafield><datafield ind1=" " ind2=" " tag="310"><subfield code="a">Weekly</subfield></datafield><datafield ind1=" " ind2=" " tag="336"><subfield code="a">text</subfield><subfield code="b">txt</subfield><subfield code="2">rdacontent</subfield></datafield><datafield ind1=" " ind2=" " tag="337"><subfield code="a">computer</subfield><subfield code="b">c</subfield><subfield code="2">rdamedia</subfield></datafield><datafield ind1=" " ind2=" " tag="338"><subfield code="a">online resource</subfield><subfield code="b">cr</subfield><subfield code="2">rdacarrier</subfield></datafield><datafield ind1="1" ind2=" " tag="362"><subfield code="a">Began in Aug. 1865? Ceased with vol. XIII, no. 34 (Apr. 13, 1888).</subfield></datafield><datafield ind1=" " ind2=" " tag="500"><subfield code="a">Publishers: J.B. Miller &amp; M.R. Parrish, 1865-&lt;1866&gt;; M.R. Parrish, &lt;1869&gt;-1872; M.R. Parrish &amp; W.T. McCarley, 1872-1874; M.R. Parrish &amp; J.M. Hubbard, 1874-1875; H.M. Polk &amp; Co., Apr. 1875-Jan. 1876; Macon, Hardin &amp; Clark, Jan. 20-Mar. 1876; G.W. &amp; W.S. Armistead, 1876-1878; G.W. Armistead, 1878-1883; J.M. Hubbard, 1883; Weatherly Bros., 1884-&lt;1885&gt;</subfield></datafield><datafield ind1=" " ind2=" " tag="500"><subfield code="a">Editors: M.R. Parrish, 1865-1874; M.R. Parrish &amp; J.M. Hubbard, 1874-1875; H.M. Polk &amp; Co., 1875-1876; Armistead, Hardin &amp; Clark, 1876; G.W. &amp; W.S. Armistead, 1876-1878; G.W. Armistead, 1878-1883; J.J. Weatherly, &lt;1884&gt;; Jesse Norment, 1885-1887; W.A.H. McDaniel, 1887-1888.</subfield></datafield><datafield ind1=" " ind2=" " tag="530"><subfield code="a">Also issued in print.</subfield></datafield><datafield ind1=" " ind2=" " tag="588"><subfield code="a">Description based on: Vol. I, no. 6 (September 21, 1865); title from masthead (Chroniclingamerica.loc.gov, viewed Apr. 3, 2013).</subfield></datafield><datafield ind1=" " ind2=" " tag="588"><subfield code="a">Latest issue consulted: Vol. XVII, no. 19 (December 22, 1881) (Chroniclingamerica.loc.gov, viewed Apr. 3, 2013).</subfield></datafield><datafield ind1=" " ind2="0" tag="651"><subfield code="a">Bolivar (Tenn.)</subfield><subfield code="v">Newspapers.</subfield></datafield><datafield ind1=" " ind2="0" tag="651"><subfield code="a">Hardeman County (Tenn.)</subfield><subfield code="v">Newspapers.</subfield></datafield><datafield ind1=" " ind2="7" tag="655"><subfield code="a">Newspapers.</subfield><subfield code="2">fast</subfield><subfield code="0">(OCoLC)fst01423814</subfield></datafield><datafield ind1=" " ind2="7" tag="651"><subfield code="a">Tennessee</subfield><subfield code="z">Bolivar.</subfield><subfield code="2">fast</subfield><subfield code="0">(OCoLC)fst01224060</subfield></datafield><datafield ind1=" " ind2="7" tag="651"><subfield code="a">Tennessee</subfield><subfield code="z">Hardeman County.</subfield><subfield code="2">fast</subfield><subfield code="0">(OCoLC)fst01224059</subfield></datafield><datafield ind1=" " ind2=" " tag="752"><subfield code="a">United States</subfield><subfield code="b">Tennessee</subfield><subfield code="c">Hardeman</subfield><subfield code="d">Bolivar.</subfield></datafield><datafield ind1="1" ind2=" " tag="776"><subfield code="t">Bolivar bulletin (Bolivar, Tenn.)</subfield><subfield code="x">2327-879X</subfield><subfield code="w">(DLC)sn 85033306</subfield><subfield code="w">(OCoLC)11835950</subfield></datafield><datafield ind1="0" ind2="0" tag="785"><subfield code="t">West Tennessee star (Online)</subfield></datafield><datafield ind1="4" ind2="1" tag="856"><subfield code="u">http://www.loc.gov/chroniclingamerica/lccn/sn85033306/issues</subfield></datafield></record>